
@article{abou2012happiness,
  title={Happiness and travel mode switching: Findings from a Swiss public transportation experiment},
  author={Abou-Zeid, Maya and Witter, Regina and Bierlaire, Michel and Kaufmann, Vincent and Ben-Akiva, Moshe},
  journal={Transport Policy},
  volume={19},
  number={1},
  pages={93--104},
  year={2012},
  publisher={Elsevier}
}


@article{alyavina2020mobility,
  title={Mobility as a service and sustainable travel behaviour: A thematic analysis study},
  author={Alyavina, Elena and Nikitas, Alexandros and Njoya, Eric Tchouamou},
  journal={Transportation research part F: traffic psychology and behaviour},
  volume={73},
  pages={362--381},
  year={2020},
  publisher={Elsevier}
}


@article{anable2005all,
  title={All work and no play? The role of instrumental and affective factors in work and leisure journeys by different travel modes},
  author={Anable, Jillian and Gatersleben, Birgitta},
  journal={Transportation Research Part A: Policy and Practice},
  volume={39},
  number={2-3},
  pages={163--181},
  year={2005},
  publisher={Elsevier}
}


@article{babore2020psychological,
  title={Psychological effects of the COVID-2019 pandemic: Perceived stress and coping strategies among healthcare professionals},
  author={Babore, Alessandra and Lombardi, Lucia and Viceconti, Maria Luisa and Pignataro, Silvia and Marino, Valentina and Crudele, Monia and Candelori, Carla and Bramanti, Sonia Monique and Trumello, Carmen},
  journal={Psychiatry research},
  volume={293},
  pages={113366},
  year={2020},
  publisher={Elsevier}
}



@article{balbontin2021impact,
  title={Impact of COVID-19 on the number of days working from home and commuting travel: A cross-cultural comparison between Australia, South America and South Africa},
  author={Balbontin, Camila and Hensher, David A and Beck, Matthew J and Giesen, Ricardo and Basnak, Paul and Vallejo-Borda, Jose Agustin and Venter, Christoffel},
  journal={Journal of Transport Geography},
  volume={96},
  pages={103188},
  year={2021},
  publisher={Elsevier}
}



@article{benyamini2017normalization,
  title={Normalization as a strategy for maintaining quality of life while coping with infertility in a pronatalist culture},
  author={Benyamini, Yael and Gozlan, Miri and Weissman, Ariel},
  journal={International Journal of Behavioral Medicine},
  volume={24},
  pages={871--879},
  year={2017},
  publisher={Springer}
}


@article{boran2022psychological,
  title={The psychological resilience and perceived stress of the frontline heroes in the pandemic in Turkey: a descriptive study of the COVID-19 outbreak-mutations-normalization triad},
  author={Boran, Maruf and Boran, Omer Faruk and Korukcu, Oznur and {\"O}zkaya, Meltem},
  journal={Japan Journal of Nursing Science},
  volume={19},
  number={1},
  pages={e12442},
  year={2022},
  publisher={Wiley Online Library}
}



@article{brutus2017cycling,
  title={Cycling, car, or public transit: a study of stress and mood upon arrival at work},
  author={Brutus, St{\'e}phane and Javadian, Roshan and Panaccio, Alexandra Joelle},
  journal={International journal of workplace health management},
  volume={10},
  number={1},
  pages={13--24},
  year={2017},
  publisher={Emerald Publishing Limited}
}


@article{chatterjee2020commuting,
  title={Commuting and wellbeing: a critical overview of the literature with implications for policy and future research},
  author={Chatterjee, Kiron and Chng, Samuel and Clark, Ben and Davis, Adrian and De Vos, Jonas and Ettema, Dick and Handy, Susan and Martin, Adam and Reardon, Louise},
  journal={Transport reviews},
  volume={40},
  number={1},
  pages={5--34},
  year={2020},
  publisher={Taylor \& Francis}
}



@article{chen2017travel,
  title={Travel well, road warriors: Assessing business travelers' stressors},
  author={Chen, Hsiangting Shatina},
  journal={Tourism management perspectives},
  volume={22},
  pages={1--6},
  year={2017},
  publisher={Elsevier}
}





@article{ellder2020telework,
  title={Telework and daily travel: New evidence from Sweden},
  author={Elld{\'e}r, Erik},
  journal={Journal of Transport Geography},
  volume={86},
  pages={102777},
  year={2020},
  publisher={Elsevier}
}

@article{ettema2011satisfaction,
  title={Satisfaction with travel and subjective well-being: Development and test of a measurement tool},
  author={Ettema, Dick and G{\"a}rling, Tommy and Eriksson, Lars and Friman, Margareta and Olsson, Lars E and Fujii, Satoshi},
  journal={Transportation Research Part F: Traffic Psychology and Behaviour},
  volume={14},
  number={3},
  pages={167--175},
  year={2011},
  publisher={Elsevier}
}


@article{evans2006rail,
  title={Rail commuting duration and passenger stress.},
  author={Evans, Gary W and Wener, Richard E},
  journal={Health psychology},
  volume={25},
  number={3},
  pages={408},
  year={2006},
  publisher={American Psychological Association}
}


@article{evans2002morning,
  title={The morning rush hour: Predictability and commuter stress},
  author={Evans, Gary W and Wener, Richard E and Phillips, Donald},
  journal={Environment and behavior},
  volume={34},
  number={4},
  pages={521--530},
  year={2002},
  publisher={Sage Publications Sage CA: Thousand Oaks, CA}
}


@article{folkman1985if,
  title={If it changes it must be a process: study of emotion and coping during three stages of a college examination.},
  author={Folkman, Susan and Lazarus, Richard S},
  journal={Journal of personality and social psychology},
  volume={48},
  number={1},
  pages={150},
  year={1985},
  publisher={American Psychological Association}
}

@article{gardner2007drives,
  title={What drives car use? A grounded theory analysis of commuters’ reasons for driving},
  author={Gardner, Benjamin and Abraham, Charles},
  journal={Transportation Research Part F: traffic psychology and behaviour},
  volume={10},
  number={3},
  pages={187--200},
  year={2007},
  publisher={Elsevier}
}


@article{gatersleben2007affective,
  title={Affective appraisals of the daily commute: Comparing perceptions of drivers, cyclists, walkers, and users of public transport},
  author={Gatersleben, Birgitta and Uzzell, David},
  journal={Environment and behavior},
  volume={39},
  number={3},
  pages={416--431},
  year={2007},
  publisher={Sage Publications Sage CA: Los Angeles, CA}
}




@article{gottholmseder2009stress,
  title={Stress perception and commuting},
  author={Gottholmseder, Georg and Nowotny, Klaus and Pruckner, Gerald J and Theurl, Engelbert},
  journal={Health economics},
  volume={18},
  number={5},
  pages={559--576},
  year={2009},
  publisher={Wiley Online Library}
}

@article{gomez2023urban,
  title={Urban commuting time and sick-leave medical license use: An empirical study of Santiago, Chile},
  author={G{\'o}mez-Lobo, Andr{\'e}s and Micco, Alejandro},
  journal={Economics of Transportation},
  volume={33},
  pages={100287},
  year={2023},
  publisher={Elsevier}
}


@article{gustafson2014business,
  title={Business travel from the traveller’s perspective: Stress, stimulation and normalization},
  author={Gustafson, Per},
  journal={Mobilities},
  volume={9},
  number={1},
  pages={63--83},
  year={2014},
  publisher={Taylor \& Francis}
}



@article{herrmann2020persistence,
  title={Persistence of walking in Chile: lessons for urban sustainability},
  author={Herrmann-Lunecke, Marie Geraldine and Mora, Rodrigo and Sagaris, Lake},
  journal={Transport reviews},
  volume={40},
  number={2},
  pages={135--159},
  year={2020},
  publisher={Taylor \& Francis}
}


@article{herrmann2021perception,
  title={Perception of the built environment and walking in pericentral neighbourhoods in Santiago, Chile},
  author={Herrmann-Lunecke, Marie Geraldine and Mora, Rodrigo and Vejares, Paloma},
  journal={Travel behaviour and society},
  volume={23},
  pages={192--206},
  year={2021},
  publisher={Elsevier}
}


@article{hill2007driver,
  title={Driver stress as influenced by driving maneuvers and roadway conditions},
  author={Hill, John D and Boyle, Linda Ng},
  journal={Transportation Research Part F: Traffic Psychology and Behaviour},
  volume={10},
  number={3},
  pages={177--186},
  year={2007},
  publisher={Elsevier}
}


@article{hirk2020mvord,
  title={mvord: an R package for fitting multivariate ordinal regression models},
  author={Hirk, Rainer and Hornik, Kurt and G{\"u}r, Laura Vana},
  journal={Journal of Statistical Software},
  volume={93},
  number={4},
  pages={1--41},
  year={2020},
  publisher={University of California at Los Angeles}
}

@article{holden2018technology,
  title={Technology, long work hours, and stress worsen work-life balance in the construction industry},
  author={Holden, Simon and Sunindijo, Riza Yosia},
  journal={International Journal of Integrated Engineering},
  volume={10},
  number={2},
  year={2018}
}



@article{iwasaki2005gender,
  title={Gender-based analyses of coping with stress among professional managers: Leisure coping and non-leisure coping},
  author={Iwasaki, Yoshi and MacKay, Kelly and Mactavish, Jennifer},
  journal={Journal of Leisure Research},
  volume={37},
  number={1},
  pages={1--28},
  year={2005},
  publisher={Taylor \& Francis}
}


@article{jamal2020perceptions,
  title={How do the perceptions of neighborhood conditions impact active transportation? A study in Rajshahi, Bangladesh},
  author={Jamal, Shaila and Mohiuddin, Hossain and Paez, Antonio},
  journal={Transportation Research Part D: Transport and Environment},
  volume={87},
  pages={102525},
  year={2020},
  publisher={Elsevier}
}


@article{kenne2016pairwise,
  title={Pairwise likelihood inference for multivariate ordinal responses with applications to customer satisfaction},
  author={Kenne Pagui, Euloge Clovis and Canale, Antonio},
  journal={Applied Stochastic Models in Business and Industry},
  volume={32},
  number={2},
  pages={273--282},
  year={2016},
  publisher={Wiley Online Library}
}

@article{kontogiannis2006patterns,
  title={Patterns of driver stress and coping strategies in a Greek sample and their relationship to aberrant behaviors and traffic accidents},
  author={Kontogiannis, Tom},
  journal={Accident Analysis \& Prevention},
  volume={38},
  number={5},
  pages={913--924},
  year={2006},
  publisher={Elsevier}
}

@book{koslowsky2013commuting,
  title={Commuting stress: Causes, effects, and methods of coping},
  author={Koslowsky, Meni and Kluger, Avraham N and Reich, Mordechai},
  year={2013},
  publisher={Springer Science \& Business Media}
}

@article{koslowsky1997commuting,
  title={Commuting stress: Problems of definition and variable identification.},
  author={Koslowsky, Meni},
  journal={Applied Psychology: an international review},
  year={1997},
  publisher={Blackwell Publishing}
}




@article{legrain2015stressed,
  title={Am stressed, must travel: The relationship between mode choice and commuting stress},
  author={Legrain, Alexander and Eluru, Naveen and El-Geneidy, Ahmed M},
  journal={Transportation research part F: traffic psychology and behaviour},
  volume={34},
  pages={141--151},
  year={2015},
  publisher={Elsevier}
}



@article{loosemore2004gender,
  title={Gender differences in occupational stress among professionals in the construction industry},
  author={Loosemore, Martin and Waters, Tom},
  journal={Journal of management in engineering},
  volume={20},
  number={3},
  pages={126--132},
  year={2004},
  publisher={American Society of Civil Engineers}
}


@article{lowe2016conceptual,
  title={The conceptual mismatch: A qualitative analysis of transportation costs and stressors for low-income adults},
  author={Lowe, Kate and Mosby, Kim},
  journal={Transport Policy},
  volume={49},
  pages={1--8},
  year={2016},
  publisher={Elsevier}
}



@article{mattisson2018modelling,
  title={Modelling the association between health indicators and commute mode choice: a cross-sectional study in southern Sweden},
  author={Mattisson, Kristoffer and Idris, Ahmed Osman and Cromley, Ellen and H{\aa}kansson, Carita and {\"O}stergren, Per-Olof and Jakobsson, Kristina},
  journal={Journal of Transport \& Health},
  volume={11},
  pages={110--121},
  year={2018},
  publisher={Elsevier}
}


@article{maier1976learned,
  title={Learned helplessness: theory and evidence.},
  author={Maier, Steven F and Seligman, Martin E},
  journal={Journal of experimental psychology: general},
  volume={105},
  number={1},
  pages={3},
  year={1976},
  publisher={American Psychological Association}
}


@article{mokhtarian2001derived,
  title={How derived is the demand for travel? Some conceptual and measurement considerations},
  author={Mokhtarian, Patricia L and Salomon, Ilan},
  journal={Transportation research part A: Policy and practice},
  volume={35},
  number={8},
  pages={695--719},
  year={2001},
  publisher={Elsevier}
}


@article{munoz2008transantiago,
  title={Transantiago: A tale of two cities},
  author={Mu{\~n}oz, Juan Carlos and Gschwender, Antonio},
  journal={Research in Transportation Economics},
  volume={22},
  number={1},
  pages={45--53},
  year={2008},
  publisher={Elsevier}
}


@article{nakano1991role,
  title={The role of coping strategies on psychological and physical well-being},
  author={Nakano, Keiko},
  journal={Japanese Psychological Research},
  volume={33},
  number={4},
  pages={160--167},
  year={1991},
  publisher={The Japanese Psychological Association}
}


@article{novaco2009commuting,
  title={Commuting and well-being},
  author={Novaco, Raymond W and Gonzalez, Oscar I},
  journal={Technology and well-being},
  volume={3},
  pages={174--4},
  year={2009},
  publisher={Cambridge University Press New York}
}


@article{odufuwa2008gender,
  title={Gender differentials, vulnerability and mobility stress coping strategies in Nigeria},
  author={Odufuwa, BO},
  journal={Journal of Geography and Regional Planning},
  volume={1},
  number={7},
  pages={132},
  year={2008},
  publisher={Citeseer}
}


@article{paez2010enjoyment,
  title={Enjoyment of commute: A comparison of different transportation modes},
  author={P{\'a}ez, Antonio and Whalen, Kate},
  journal={Transportation Research Part A: Policy and Practice},
  volume={44},
  number={7},
  pages={537--549},
  year={2010},
  publisher={Elsevier}
}



@article{pezoa2023estimation,
  title={Estimation of trip purposes in public transport during the COVID-19 pandemic: The case of Santiago, Chile},
  author={Pezoa, Ra{\'u}l and Basso, Franco and Quilodr{\'a}n, Paulina and Varas, Mauricio},
  journal={Journal of Transport Geography},
  volume={109},
  pages={103594},
  year={2023},
  publisher={Elsevier}
}



@article{rana2020mental,
  title={Mental health of medical workers in Pakistan during the pandemic COVID-19 outbreak},
  author={Rana, Waleed and Mukhtar, Sonia and Mukhtar, Shamim},
  journal={Asian journal of psychiatry},
  volume={51},
  pages={102080},
  year={2020},
  publisher={Elsevier}
}


@article{rabbitt1990age,
  title={Age, IQ and awareness, and recall of errors},
  author={Rabbitt, Patrick},
  journal={Ergonomics},
  volume={33},
  number={10-11},
  pages={1291--1305},
  year={1990},
  publisher={Taylor \& Francis}
}

@article{rowden2011relative,
  title={The relative impact of work-related stress, life stress and driving environment stress on driving outcomes},
  author={Rowden, Peter and Matthews, Gerald and Watson, Barry and Biggs, Herbert},
  journal={Accident Analysis \& Prevention},
  volume={43},
  number={4},
  pages={1332--1340},
  year={2011},
  publisher={Elsevier}
}


@article{sha2019beyond,
  title={Beyond the Resource Drain Theory: Salary satisfaction as a mediator between commuting time and subjective well-being},
  author={Sha, Feng and Li, Bingyu and Law, Yik Wa and Yip, Paul SF},
  journal={Journal of Transport \& Health},
  volume={15},
  pages={100631},
  year={2019},
  publisher={Elsevier}
}


@article{shamoa2010aggression,
  title={Aggression on the road as a function of stress, coping strategies and driver style},
  author={Shamoa-Nir, Lipaz and Koslowsky, Meni},
  journal={Psychology},
  volume={1},
  pages={35--44},
  year={2010}
}



@article{smith2017commute,
  title={Commute well-being differences by mode: Evidence from Portland, Oregon, USA},
  author={Smith, Oliver},
  journal={Journal of Transport \& Health},
  volume={4},
  pages={246--254},
  year={2017},
  publisher={Elsevier}
}


@article{tironi2016affects,
  title={Affects and urban infrastructures: Researching users' daily experiences of Santiago de Chile's transport system},
  author={Tironi, Martin and Palacios, Rosario},
  journal={Emotion, Space and Society},
  volume={21},
  pages={41--49},
  year={2016},
  publisher={Elsevier}
}


@article{tiznado2021public,
  title={Public transport accessibility accounting for level of service and competition for urban opportunities: An equity analysis for education in Santiago de Chile},
  author={Tiznado-Aitken, Ignacio and Mu{\~n}oz, Juan Carlos and Hurtubia, Ricardo},
  journal={Journal of Transport Geography},
  volume={90},
  pages={102919},
  year={2021},
  publisher={Elsevier}
}



@article{useche2023another,
  title={“Another (hard) day moving in the city”: Development and validation of the MCSS, a multimodal commuting stress scale},
  author={Useche, Sergio A and Marin, Cristina and Llamazares, Francisco J},
  journal={Transportation research part F: traffic psychology and behaviour},
  volume={95},
  pages={143--159},
  year={2023},
  publisher={Elsevier}
}




@article{webster2016fight,
  title={Fight, flight or freeze: Common responses for follower coping with toxic leadership},
  author={Webster, Vicki and Brough, Paula and Daly, Kathleen},
  journal={Stress and Health},
  volume={32},
  number={4},
  pages={346--354},
  year={2016},
  publisher={Wiley Online Library}
}




@article{westerman2000individual,
  title={Individual differences in driver stress, error and violation},
  author={Westerman, SJ and Haigney, D},
  journal={Personality and individual differences},
  volume={29},
  number={5},
  pages={981--998},
  year={2000},
  publisher={Elsevier}
}



@article{wener2011comparing,
  title={Comparing stress of car and train commuters},
  author={Wener, Richard E and Evans, Gary W},
  journal={Transportation research part F: traffic psychology and behaviour},
  volume={14},
  number={2},
  pages={111--116},
  year={2011},
  publisher={Elsevier}
}



@article{ye2019determinants,
  title={The determinants of commuting satisfaction in low-income population: A case study of Xi???an, China},
  author={Ye, Runing and Titheridge, Helena},
  journal={Travel behaviour and society},
  volume={16},
  pages={272--283},
  year={2019},
  publisher={Elsevier}
}
